@book{Bishop,
    author    = "Christopher M. Bishop",
    title     = "Pattern recognition and machine learning",
    publisher = "Springer-Verlag",
    year      = "2009",
    isbn = "978-1-4939-3843-8",
}

@book{Lippe,
    author    = "Wolfram-Manfred Lippe",
    title     = "Soft Computing",
    publisher = "Springer-Verlag",
    year      = "2006",
    isbn = "978-3-540-20972-0",

}